% references.bib - add references here

@misc{ST_ism330dhcx,
  title = {{ISM330DHCX}: iNEMO inertial module},
  howpublished = {Datasheet, STMicroelectronics},
  year = {2021},
  note = {\url{https://www.st.com/resource/en/datasheet/ism330dhcx.pdf}}
}

@article{Madgwick2011,
  title={Estimation of IMU and MARG orientation using a gradient descent algorithm},
  author={Madgwick, Sebastian O.H. and Harrison, Andrew J.L. and Vaidyanathan, Ravi},
  journal={IEEE International Conference on Rehabilitation Robotics},
  year={2011}
}

@techreport{Ozyagcilar2012,
  author = {Ozyagcilar, T.},
  title = {Implementing orientation estimation using a 3-axis accelerometer and 3-axis gyroscope},
  institution = {Freescale Semiconductor},
  year = {2012},
  number = {Application Note 3461}
}

@article{MastTilt2023,
  title = {Tilt angle estimation of MEMS sensors mounted on outdoor structures},
  journal = {Sensors},
  year = {2023},
  author = {Doe, J. and Smith, A.}
}
